<record><leader>00000cas a2200000 a 4500</leader><controlfield tag="001">3547397</controlfield><controlfield tag="008">780110c19729999couwr ne      0   a0eng d</controlfield><datafield ind1=" " ind2=" " tag="010"><subfield code="a">sn 89052195 </subfield></datafield><datafield ind1=" " ind2=" " tag="040"><subfield code="a">COA</subfield><subfield code="b">eng</subfield><subfield code="c">COA</subfield><subfield code="d">CNQ</subfield><subfield code="d">OCLCQ</subfield><subfield code="d">OCL</subfield><subfield code="d">OCLCQ</subfield></datafield><datafield ind1="1" ind2=" " tag="029"><subfield code="a">AU@</subfield><subfield code="b">000025899565</subfield></datafield><datafield ind1=" " ind2=" " tag="037"><subfield code="b">Julesburg, Colo. 80737.</subfield></datafield><datafield ind1=" " ind2=" " tag="042"><subfield code="a">msc</subfield></datafield><datafield ind1=" " ind2=" " tag="090"><subfield code="a">AN2</subfield><subfield code="b">.J8</subfield></datafield><datafield ind1="0" ind2="0" tag="245"><subfield code="a">Julesburg advocate.</subfield></datafield><datafield ind1=" " ind2=" " tag="260"><subfield code="a">Julesburg, Colo. :</subfield><subfield code="b">Mr. and Mrs. Ronald B. Wilkins,</subfield></datafield><datafield ind1=" " ind2=" " tag="300"><subfield code="a">v.</subfield></datafield><datafield ind1=" " ind2=" " tag="310"><subfield code="a">Weekly</subfield></datafield><datafield ind1="0" ind2=" " tag="362"><subfield code="a">Vol. 14, no. 9 (Mar. 1, 1972)-</subfield></datafield><datafield ind1=" " ind2=" " tag="530"><subfield code="a">Available on microfilm from the Colorado Historical Society.</subfield></datafield><datafield ind1=" " ind2=" " tag="752"><subfield code="a">United States</subfield><subfield code="b">Colorado</subfield><subfield code="c">Sedgwick</subfield><subfield code="d">Julesburg.</subfield></datafield><datafield ind1="0" ind2="0" tag="780"><subfield code="t">Julesburg grit-advocate</subfield><subfield code="w">(DLC)sn 89052197</subfield></datafield></record>